<record><leader>00000cas a22000007a 4500</leader><controlfield tag="001">13622555</controlfield><controlfield tag="008">860522d18751878iauwr ne      0    0eng d</controlfield><datafield ind1=" " ind2=" " tag="010"><subfield code="a">sn 86060106 </subfield></datafield><datafield ind1=" " ind2=" " tag="040"><subfield code="a">INP</subfield><subfield code="b">eng</subfield><subfield code="c">INP</subfield><subfield code="d">OCLCQ</subfield></datafield><datafield ind1=" " ind2=" " tag="042"><subfield code="a">msc</subfield></datafield><datafield ind1="0" ind2="0" tag="245"><subfield code="a">Boonsboro news.</subfield></datafield><datafield ind1="3" ind2="0" tag="246"><subfield code="a">Boonsboro weekly news</subfield><subfield code="f">Feb. 24, 1875</subfield></datafield><datafield ind1=" " ind2=" " tag="260"><subfield code="a">Boonsboro, Iowa :</subfield><subfield code="b">Evans &amp; Hicks,</subfield><subfield code="c">1875-</subfield></datafield><datafield ind1=" " ind2=" " tag="300"><subfield code="a">v. :</subfield><subfield code="b">ill. (chiefly advertisements)</subfield></datafield><datafield ind1=" " ind2=" " tag="310"><subfield code="a">Weekly</subfield></datafield><datafield ind1="0" ind2=" " tag="362"><subfield code="a">Vol. 1, no. 1 (Feb. 24, 1875)-</subfield></datafield><datafield ind1="1" ind2=" " tag="362"><subfield code="a">Ceased in 1878?</subfield><subfield code="z">Cf. Bibl. of Iowa newspapers.</subfield></datafield><datafield ind1=" " ind2=" " tag="500"><subfield code="a">Title from publisher's statement.</subfield></datafield><datafield ind1=" " ind2=" " tag="500"><subfield code="a">Later publishers: Evans &amp; Rickard, Apr. 21, 1875-June 7, 1876; E.C. Rickard, June 14, 1876-&lt;Feb. 13, 1878&gt;.</subfield></datafield><datafield ind1=" " ind2=" " tag="500"><subfield code="a">Boonesboro, Iowa, incorporated into Boone, Iowa.</subfield></datafield><datafield ind1=" " ind2=" " tag="752"><subfield code="a">United States</subfield><subfield code="b">Iowa</subfield><subfield code="c">Boone</subfield><subfield code="d">Boonesboro.</subfield></datafield><datafield ind1="0" ind2="0" tag="780"><subfield code="t">Boonesboro herald (Boonesboro, Iowa : 1874)</subfield></datafield></record>